@article{black1973pricing,
  title={The pricing of options and corporate liabilities},
  author={Black, Fischer and Scholes, Myron},
  journal={Journal of political economy},
  volume={81},
  number={3},
  pages={637--654},
  year={1973},
  publisher={The University of Chicago Press}
}


@book{evans2012introduction,
  title={An introduction to stochastic differential equations},
  author={Evans, Lawrence C},
  volume={82},
  year={2012},
  publisher={American Mathematical Soc.}
}

@book{ubbo,
  title={Brownian motion calculus},
  author={Wiersema, Ubbo F},
  year={2008},
  publisher={John Wiley \& Sons}
}


@article{sauer2013computational,
  title={Computational solution of stochastic differential equations},
  author={Sauer, Timothy},
  journal={Wiley Interdisciplinary Reviews: Computational Statistics},
  volume={5},
  number={5},
  pages={362--371},
  year={2013},
  publisher={Wiley Online Library}
}

@incollection{sauer2012numerical,
  title={Numerical solution of stochastic differential equations in finance},
  author={Sauer, Timothy},
  booktitle={Handbook of computational finance},
  pages={529--550},
  year={2012},
  publisher={Springer}
}

@article{higham2004black,
  title={Black Scholes for Scientific Computing Students},
  author={Higham, Desmond J},
  journal={Computing in Science \& Engineering},
  volume={6},
  number={6},
  pages={72--79},
  year={2004},
  publisher={IEEE}
}

@book{iacus2009simulation,
  title={Simulation and inference for stochastic differential equations: with R examples},
  author={Iacus, Stefano M},
  year={2009},
  publisher={Springer Science \& Business Media}
}

@book{gilli2011numerical,
  title={Numerical methods and optimization in finance},
  author={Gilli, Manfred and Maringer, Dietmar and Schumann, Enrico},
  year={2011},
  publisher={Academic Press}
}


@Book{nmof,
  title = {Numerical Methods and Optimization in Finance},
  author = {Manfred Gilli and Dietmar Maringer and Enrico Schumann},
  year = {2011},
  publisher = {Academic Press},
  address = {Waltham, MA, USA},
  url = {http://nmof.net},
  note = {ISBN 0123756626},
}

@Manual{nmofpack,
  title = {Numerical Methods and Optimization in Finance (NMOF)
Manual. Package version 0.40-0)},
  author = {Enrico Schumann},
  year = {2011--2016},
  url = {http://enricoschumann.net/NMOF.htm},
  }

@article{heston1993closed,
  title={A closed-form solution for options with stochastic volatility with applications to bond and currency options},
  author={Heston, Steven L},
  journal={Review of financial studies},
  volume={6},
  number={2},
  pages={327--343},
  year={1993},
  publisher={Soc Financial Studies}
}


@article{andersen2007efficient,
  title={Efficient simulation of the Heston stochastic volatility model},
  author={Andersen, Leif BG},
  year={2007}
}

@book{karatzas2012brownian,
  title={Brownian motion and stochastic calculus},
  author={Karatzas, Ioannis and Shreve, Steven},
  volume={113},
  year={2012},
  publisher={Springer Science \& Business Media}
}


@inproceedings{hanson2010stochastic,
  title={Stochastic calculus of Hestonâ€™s stochastic-volatility model},
  author={Hanson, Floyd B},
  booktitle={Proceedings of the 19th International Symposium on Mathematical Theory of Networks and Systems (MTNS'10)},
  pages={2423--2429},
  year={2010}
}


@article{kahl2005not,
  title={Not-so-complex logarithms in the Heston model},
  author={Kahl, Christian and J{\"a}ckel, Peter},
  journal={Wilmott magazine},
  volume={19},
  number={9},
  pages={94--103},
  year={2005},
  publisher={Citeseer}
}

@article{helgadottir2016option,
  title={Option pricing within the Heston model},
  author={Helgad{\'o}ttir, Alma D{\"o}gg and Ionescu, Luiza},
  year={2016}
}


@phdthesis{tong2012option,
  title={Option Pricing with Long Memory Stochastic Volatility Models},
  author={Tong, Zhigang},
  year={2012},
  school={Universit{\'e} d'Ottawa/University of Ottawa}
}

@book{steele2012stochastic,
  title={Stochastic calculus and financial applications},
  author={Steele, J Michael},
  volume={45},
  year={2012},
  publisher={Springer Science \& Business Media}
}

@article{salomao2011precificaccao,
  title={Precifica{\c{c}}{\~a}o de op{\c{c}}{\~o}es financeiras: um estudo sobre os modelos de Black Scholes e Garch},
  author={Salom{\~a}o, Martinho de Freitas},
  year={2011},
  publisher={Universidade Federal do Esp{\'\i}rito Santo}
}

@article{yang2013valuing,
  title={Valuing a European option with the Heston model},
  author={Yang, Yuan},
  year={2013}
}


@article{merton1973theory,
  title={Theory of rational option pricing},
  author={Merton, Robert C},
  journal={The Bell Journal of economics and management science},
  pages={141--183},
  year={1973},
  publisher={JSTOR}
}


@article{broadie2006exact,
  title={Exact simulation of stochastic volatility and other affine jump diffusion processes},
  author={Broadie, Mark and Kaya, {\"O}zg{\"u}r},
  journal={Operations research},
  volume={54},
  number={2},
  pages={217--231},
  year={2006},
  publisher={INFORMS}
}